@incollection{rees2008urban,
  title={Urban ecological footprints: why cities cannot be sustainableâ€”and why they are a key to sustainability},
  author={Rees, William and Wackernagel, Mathis},
  booktitle={Urban Ecology},
  pages={537--555},
  year={2008},
  publisher={Springer}
}

@book{rose2014enchanted,
  title={Enchanted Objects: Innovation, Design, and the Future of Technology},
  author={Rose, David},
  year={2014},
  publisher={Simon and Schuster}
}

@article{fang2014theoretical,
  title={Theoretical exploration for the combination of the ecological, energy, carbon, and water footprints: Overview of a footprint family},
  author={Fang, Kai and Heijungs, Reinout and de Snoo, Geert R},
  journal={Ecological Indicators},
  volume={36},
  pages={508--518},
  year={2014},
  publisher={Elsevier}
}

@INPROCEEDINGS{7106974,
    author={F. {Folianto} and Y. S. {Low} and W. L. {Yeow}},
    booktitle={2015 IEEE Tenth International Conference on Intelligent Sensors, Sensor Networks and Information Processing (ISSNIP)},
    title={Smartbin: Smart waste management system},
    year={2015},
    volume={},
    number={},
    pages={1-2},
    keywords={data acquisition;waste management;wireless mesh networks;smart bin system;data collection;data delivery;wireless mesh network;duty cycle technique;operational time maximization;outdoor environment;sense making method;smart waste management system;Logic gates;Workstations;Productivity;Smart waste;smart cities;wireless sensor network;duty cycle},
    doi={10.1109/ISSNIP.2015.7106974},
    ISSN={},
    month={April},
}

@INPROCEEDINGS{7848162,
    author={N. S. {Kumar} and B. {Vuayalakshmi} and R. J. {Prarthana} and A. {Shankar}},
    booktitle={2016 IEEE Region 10 Conference (TENCON)},
    title={IOT based smart garbage alert system using Arduino UNO},
    year={2016},
    volume={},
    number={},
    pages={1028-1034},
    keywords={file servers;Internet of Things;radiofrequency identification;waste management;Wi-Fi module;Android application;cleaning process;IOT facilitation;RFID tag;ultrasonic sensor;municipal Web server;garbage clearance;smart alert system;garbage management;smart intelligent garbage alert system;developing country;developed country;waste management;Arduino UNO;Radiofrequency identification;Monitoring;Acoustics;Embedded systems;Diseases;Radio frequency;Waste management;RFID;MSL;e-Monitoring;Arduino UNO;Wi-Fi;Ultrasonic Sensor},
    doi={10.1109/TENCON.2016.7848162},
    ISSN={},
    month={Nov},
}

@article{toner2014impact,
  title={The impact of individual and group feedback on environmental intentions and self-beliefs},
  author={Toner, Kaitlin and Gan, Muping and Leary, Mark R},
  journal={Environment and Behavior},
  volume={46},
  number={1},
  pages={24--45},
  year={2014},
  publisher={Sage Publications Sage CA: Los Angeles, CA}
}

@article{collins2018learning,
  title={Learning and teaching sustainability: The contribution of Ecological Footprint calculators},
  author={Collins, Andrea and Galli, Alessandro and Patrizi, Nicoletta and Pulselli, Federico Maria},
  journal={Journal of cleaner production},
  volume={174},
  pages={1000--1010},
  year={2018},
  publisher={Elsevier}
}

@INPROCEEDINGS{4076546,
    author={J. {Mankoff} and D. {Matthews} and S. R. {Fussell} and M. {Johnson}},
    booktitle={2007 40th Annual Hawaii International Conference on System Sciences (HICSS'07)},
    title={Leveraging Social Networks To Motivate Individuals to Reduce their Ecological Footprints},
    year={2007},
    volume={},
    number={},
    pages={87-87},
    keywords={ecology;environmental science computing;portals;social sciences computing;Web sites;social networking Web sites;individual motivation;ecological footprint;Internet portal site},
    doi={10.1109/HICSS.2007.325},
    ISSN={},
    month={Jan},
}